@article{borchers2014linking,
  title={Linking the price of agricultural land to use values and amenities},
  author={Borchers, Allison and Ifft, Jennifer and Kuethe, Todd},
  journal={American journal of agricultural economics},
  volume={96},
  number={5},
  pages={1307--1320},
  year={2014},
  publisher={Oxford University Press}
}
@article{zhang2015housing,
  title={Housing market bust and farmland values: Identifying the changing influence of proximity to urban centers},
  author={Zhang, Wendong and Nickerson, Cynthia J},
  journal={Land Economics},
  volume={91},
  number={4},
  pages={605--626},
  year={2015},
  publisher={University of Wisconsin Press}
}
@article{palmquist1989hedonic,
  title={A hedonic study of the effects of erosion control and drainage on farmland values},
  author={Palmquist, Raymond B and Danielson, Leon E},
  journal={American journal of agricultural economics},
  volume={71},
  number={1},
  pages={55--62},
  year={1989},
  publisher={Oxford University Press}
}