@article{jeffers1999current,
  title={Current Agricultural Use Value Assessment in Ohio},
  author={Jeffers, Greg and Libby, Larry},
  url={https://web.archive.org/web/20010320095915/http://ohioline.osu.edu/cd-fact/1267.html},
  journal={The Ohio State University Extension Factsheet CDFS-1267},
  volume={99},
  year={1999}
}
@article{shaudys1981development,
  title={Development, use, and results of current agricultural use value taxation in Ohio},
  author={Shaudys, Ed T},
  year={1981},
  url={https://kb.osu.edu/bitstream/handle/1811/70730/1/OARDC_research_circular_n267.pdf},
  publisher={Ohio Agricultural Research and Development Center}
}
@article{duvick1978alternative,
  title={Alternative Use Valuation of Ohio Farmland: Some Techniques and Problems},
  author={Duvick, Richard D},
  year={1978},
  url={https://kb.osu.edu/bitstream/handle/1811/67165/1/CFAES_ESO_550.pdf},
  publisher={Ohio State University. Department of Agricultural Economics and Rural Sociology}
}
@book{anderson2014use,
  title={Use-value assessment of rural land in the United States},
  author={Anderson, John Edwin and England, Richard W},
  year={2014},
  publisher={Lincoln Institute of Land Policy}
}
@article{reiss1969cash,
 ISSN = {0003116X},
 URL = {http://www.jstor.org/stable/43756369},
 author = {Reiss, Franklin J.},
 journal = {Journal of ASFMRA},
 number = {1},
 pages = {15--30},
 publisher = {American Society of Farm Managers and Rural Appraisers (ASFMRA)},
 title = {Cash Rent and Custom Farming},
 volume = {33},
 year = {1969}
}
@article{chafin1972technique,
  title={A Technique for Taxation Assessment of Farm Real Estate Based on the Capitalized Income Stream of Agricultural Land},
  author={Chafin, Donald G. and Shaudys, Ed T.},
  year={1972},
  url = {https://www.calkinslawfirm.com/wp-content/uploads/2018/02/Vance-website_-_news-article.pdf},
  publisher={Ohio State University. Department of Agricultural Economics and Rural Sociology}
}
